<?xml version="1.0" encoding="UTF-8"?><record xmlns="http://www.loc.gov/MARC21/slim" xmlns:cinclude="http://apache.org/cocoon/include/1.0" xmlns:zs="http://www.loc.gov/zing/srw/">
  <leader>00559nz  a2200145n  4500</leader>
  <controlfield tag="001">no2011066275</controlfield>
  <controlfield tag="003">DLC</controlfield>
  <controlfield tag="005">20110429075247.0</controlfield>
  <controlfield tag="008">110427n| acannaabn          |a aaa     c</controlfield>
  <datafield tag="010" ind1=" " ind2=" ">
    <subfield code="a">no2011066275</subfield>
  </datafield>
  <datafield tag="035" ind1=" " ind2=" ">
    <subfield code="a">(OCoLC)oca08840604</subfield>
  </datafield>
  <datafield tag="040" ind1=" " ind2=" ">
    <subfield code="a">PE-LiPUC</subfield>
    <subfield code="b">eng</subfield>
    <subfield code="c">PE-LiPUC</subfield>
  </datafield>
  <datafield tag="100" ind1="1" ind2=" ">
    <subfield code="a">Castañeda Salas, Weyder Antonio</subfield>
  </datafield>
  <datafield tag="400" ind1="1" ind2=" ">
    <subfield code="a">Salas, Weyder Antonio Castañeda</subfield>
  </datafield>
  <datafield tag="670" ind1=" " ind2=" ">
    <subfield code="a">Plan estratégico de Cusco, 2011 :</subfield>
    <subfield code="b">t.p. (Weyder Antonio Castañeda Salas; Pontificia Universidad Católica del Perú. CENTRUM; Magíster en Administración Estratégica de Empresas)</subfield>
  </datafield>
</record>